@book{1,
  author    = {John L. Hennessy and David A. Patterson},
  title     = {Computer Organization and Design MIPS Edition},
  edition   = {5},
  year      = {2013},
  publisher = {Morgan Kaufmann},
}

@book{2,
  author    = {Isaac Newton},
  title     = {Philosophiae Naturalis Principia Mathematica},
  year      = {1687},
  publisher = {Jussu Societatis Regiae ac Typis Josephi Streater},
}
