@article{1,
  title={More reliable protein NMR peak assignment via improved 2-interval scheduling},
  author={Chen, Zhi-Zhong and Lin, Guohui and Rizzi, Romeo and Wen, Jianjun and Xu, Dong and Xu, Ying and Jiang, Tao},
  journal={Journal of Computational Biology},
  volume={12},
  number={2},
  pages={129--146},
  year={2005}
}

@article{2,
  title={Computing a longest common palindromic subsequence},
  author={Chowdhury, Shihabur Rahman and Hasan, Mahbubul and Iqbal, Sumaiya and Rahman, Sohel},
  journal={Fundamenta Informaticae},
  volume={129},
  number={4},
  pages={329--340},
  year={2014}
}

@misc{3,
  author={Cohen, Bram},
  title={Patience diff advantages},
  howpublished={\url{https://bramcohen.livejournal.com/73318.html}},
  note={Accessed on 26/05/2021}
}

@book{4,
  title={Introduction to algorithms},
  author={Cormen, Thomas and Leiserson, Charles and Rivest, Ronald and Stein, Clifford},
  year={2009},
  publisher={MIT press}
}

@book{5,
  title={Algorithms on strings, trees and sequences: computer science and computational biology},
  author={Gusfield, Dan},
  year={1997},
  publisher={Cambridge University Press}
}

@article{6,
  title={Dynamic programming with convexity, concavity and sparsity},
  author={Galil, Zvi and Park, Kunsoo},
  journal={Theoretical Computer Science},
  volume={92},
  number={1},
  pages={49--76},
  year={1992}
}

@article{7,
  title={A linear space algorithm for computing maximal common subsequences},
  author={Hirschberg, Daniel},
  journal={Communications of the ACM},
  volume={18},
  number={6},
  pages={341--343},
  year={1975}
}

@book{8,
  title={Knapsack problems},
  author={Kellerer, Hans and Pferschy, Ulrich and Pisinger, David},
  year={2004},
  publisher={Springer}
}

@inproceedings{9,
  title={Safe and complete algorithms for dynamic programming problems, with an application to RNA folding},
  author={Kiirala, Niko and Salmela, Leena and Tomescu, Alexandru},
  booktitle={Symposium on Combinatorial Pattern Matching},
  publisher={Schloss Dagstuhl-Leibniz-Zentrum fuer Informatik},
  year={2019}
}

@article{10,
  title={Interval scheduling: A survey},
  author={Kolen, Antoon and Lenstra, Jan Karel and Papadimitriou, Christos and Spieksma, Frits},
  journal={Naval Research Logistics},
  volume={54},
  number={5},
  pages={530--543},
  year={2007}
}

@inproceedings{11,
  title={Linear pseudo-polynomial factor algorithm for automaton constrained tree knapsack problem},
  author={Kumabe, Soh and Maehara, Takanori and Sin'ya, Ryoma},
  booktitle={International Workshop on Algorithms and Computation},
  pages={248--260},
  year={2019},
  publisher={Springer}
}

@inproceedings{12,
  title={Mechanism design via differential privacy},
  author={McSherry, Frank and Talwar, Kunal},
  booktitle={IEEE Symposium on Foundations of Computer Science},
  pages={94--103},
  year={2007},
  organization={IEEE}
}

@article{13,
  title={An O(ND) difference algorithm and its variations},
  author={Myers, Eugene},
  journal={Algorithmica},
  volume={1},
  number={1-4},
  pages={251--266},
  year={1986}
}

@article{14,
  title={Fast algorithm for predicting the secondary structure of single-stranded RNA},
  author={Nussinov, Ruth and Jacobson, Ann},
  journal={National Academy of Sciences},
  volume={77},
  number={11},
  pages={6309--6313},
  year={1980}
}

@inproceedings{15,
  title={Average sensitivity of spectral clustering},
  author={Peng, Pan and Yoshida, Yuichi},
  booktitle={ACM SIGKDD International Conference on Knowledge Discovery \& Data Mining},
  pages={1132--1140},
  year={2020},
  organization={ACM}
}

@inproceedings{16,
  title={A metric for distributions with applications to image databases},
  author={Rubner, Yossi and Tomasi, Carlo and Guibas, Leonidas},
  booktitle={International Conference on Computer Vision},
  pages={59--66},
  year={1998},
  organization={IEEE}
}

@inproceedings{17,
  title={Average sensitivity of graph algorithms},
  author={Varma, Nithin and Yoshida, Yuichi},
  booktitle={ACM-SIAM Symposium on Discrete Algorithms},
  pages={684--703},
  year={2021},
  organization={SIAM}
}

@article{18,
  title={The string-to-string correction problem},
  author={Wagner, Robert and Fischer, Michael},
  journal={Journal of the ACM},
  volume={21},
  number={1},
  pages={168--173},
  year={1974}
}

@article{19,
  title={Automated assignment of backbone NMR peaks using constrained bipartite matching},
  author={Xu, Ying and Xu, Dong and Kai, Dongsup and Olman, Victor and Razumovskaya, Jane and Jiang, Tao},
  journal={Computing in Science \& Engineering},
  volume={4},
  number={1},
  pages={50--62},
  year={2002}
}

@inproceedings{20,
  title={Sensitivity analysis of the maximum matching problem},
  author={Yoshida, Yuichi and Zhou, Samson},
  booktitle={Innovations in Theoretical Computer Science},
  pages={58:1--58:20},
  year={2021},
  publisher={Schloss Dagstuhl-Leibniz-Zentrum f{\"u}r Informatik}
}

@article{21,
  title={On finding all suboptimal foldings of an RNA molecule},
  author={Zuker, Michael},
  journal={Science},
  volume={244},
  number={4900},
  pages={48--52},
  year={1989}
}
