@book{1,
  author       = {Meeus, Jean},
  title        = {Astronomical Algorithms},
  year         = {1991},
  publisher    = {Willmann-Bell Inc},
}
