@article{whitted1979improved,

  title={An improved illumination model for shaded display},

  author={Whitted, Turner},

  journal={Communications of the ACM},

  volume={23},

  number={6},

  pages={343--349},

  year={1979},

  publisher={ACM New York, NY, USA}

}