@book{1,
  title        = {Concrete Mathematics: A Foundation for Computer Science},
  author       = {Graham, R. L. and Knuth, D. E. and Patashnik, O.},
  publisher    = {Addison-Wesley Longman Publishing Co., Inc.},
  edition      = {2nd},
  year         = {1994},
  address      = {USA},
}
